4259 6125
623 892 662 950 ab
689 909 725 951 eo
754 892 898 972 divergit,
925 898 991 959 sire
1018 902 1202 962 conveniens
1229 919 1298 961 cnm
1325 899 1564 979 vindobonensi,
1592 900 1656 961 sive
1683 898 1807 960 tertiam

615 683 648 724 Vl
1122 691 1300 733 ursmaro.

623 1031 830 1093 redactionem
857 1037 1015 1100 exhibens.
1044 1040 1235 1119 Quapropter
1260 1040 1337 1099 mihi
1364 1040 1558 1099 verisimilius
1582 1040 1711 1115 ridetur,
1734 1056 1807 1098 auc·

623 1176 718 1231 torem
743 1173 872 1235 diversio
895 1180 1082 1258 temporibus
1104 1181 1214 1239 librom
1239 1199 1256 1240 e
1279 1180 1392 1239 chartis
1410 1181 1472 1239 suis
1489 1180 1661 1257 dictavisse,
1676 1178 1807 1238 diversis

621 1330 711 1389 saepe
740 1314 840 1374 verbis
868 1336 964 1395 usum,
993 1320 1055 1378 alia
1083 1321 1252 1398 addentem,
1276 1322 1337 1379 alia
1359 1320 1559 1381 omittentem.
1583 1318 1807 1380 Nonnullorum
1894 1337 1895 1413 p

622 1452 755 1529 capitum
779 1455 924 1535 redactio,
946 1461 1123 1536 praesertim
1147 1462 1179 1519 in
1203 1462 1302 1539 priore
1324 1460 1395 1519 libri
1416 1466 1510 1538 parte,
1524 1460 1600 1521 adeo
1615 1460 1736 1519 diversa
1750 1463 1808 1536 est,
1894 1414 1895 1429 ἒ

620 1595 656 1650 nt
678 1595 841 1671 seperatim
864 1596 914 1656 edi
937 1598 1106 1660 debuerint.
1131 1600 1208 1661 Inde
1229 1620 1349 1678 quoque
1364 1600 1477 1659 laetum
1493 1601 1614 1661 videtur
1627 1606 1662 1659 ut
1676 1600 1808 1660 nonnul-

620 1732 719 1791 lorum
743 1737 900 1811 poetarum
922 1739 1036 1799 mentio
1061 1740 1183 1799 omnino
1208 1740 1405 1817 desideretur,
1430 1740 1500 1798 dum
1523 1740 1576 1799 alii
1600 1740 1725 1799 minoris
1743 1758 1808 1798 mo·
1895 1767 1896 1795 ι

622 1874 719 1933 menti
741 1869 841 1935 locum
863 1876 1071 1939 obtinuerunt
1095 1880 1186 1939 Haud
1210 1880 1409 1957 improbabile
1431 1886 1478 1939 eet
1496 1884 1539 1955 ut,
1561 1882 1680 1957 praeter
1700 1878 1809 1938 redac-

621 2012 719 2073 tiones
744 2034 823 2092 quae
845 2018 884 2076 ad
906 2036 961 2078 nos
984 2026 1198 2097 pervenerunt,
1220 2020 1298 2080 alise
1322 2020 1505 2079 exstiterint.
1528 2020 1634 2090 Qualis
1657 2026 1704 2079 est
1727 2038 1809 2097 quae

621 2153 796 2215 continetur
831 2158 936 2218 oodioe
967 2158 1304 2239 Constantinopolitano
1338 2179 1355 2219 e
1391 2159 1477 2219 libris
1507 2158 1747 2235 Regulo-Pesla
1775 2165 1808 2219 et
1896 2199 1897 2243 ,

620 2295 725 2355 codice
751 2297 923 2358 Beirdtensi
952 2318 1028 2377 quos
1058 2304 1206 2360 memorat
1234 2300 1455 2360 Broclrelmann
1484 2300 1510 2376 I,
1540 2301 1596 2359 122
1621 2300 1721 2359 dicere
1745 2318 1809 2359 nou

619 2434 727 2495 habeo.
747 2436 826 2496 Sane
840 2438 927 2498 doleo
941 2457 989 2499 me
1002 2439 1095 2500 hosce
1109 2440 1229 2501 codices
1243 2441 1401 2501 consulere
1415 2459 1476 2499 non
1490 2439 1625 2517 potuisse
1638 2456 1695 2497 nec
1709 2440 1810 2517 ipsum

621 2574 758 2635 conferre
782 2578 902 2637 codices
924 2579 1115 2649 thirenses.
1140 2581 1200 2641 Sed
1223 2581 1305 2641 Galli
1329 2582 1440 2660 optime
1461 2581 1619 2639 dixerunt:
1644 2579 1687 2638 »le
1701 2580 1811 2639 mienx
1897 2631 1898 2657 ,

621 2719 669 2773 est
687 2714 831 2775 l'ennemi
855 2718 896 2777 du
920 2718 1019 2797 bien'’‚
1042 2725 1075 2779 et
1098 2720 1173 2781 haee
1197 2720 1268 2779 libri
1291 2720 1385 2780 editio
1410 2720 1538 2779 sortasse
1561 2720 1683 2778 omnino
1698 2720 1731 2778 iu
1746 2720 1809 2778 dis·

620 2854 735 2915 crimen
758 2859 901 2936 venisset,
925 2860 952 2919 si
974 2859 1051 2920 illud
1074 2862 1149 2919 mihi
1171 2860 1302 2921 officinm
1325 2860 1566 2939 periungeudum
1586 2861 1811 2939 imposuissem.

620 2995 832 3057 Necessarium
859 3000 976 3079 inisset,
1003 3002 1029 3060 si
1055 3006 1160 3061 textus
1188 3002 1261 3061 satis
1285 3002 1462 3063 emendatus
1485 3001 1550 3059 dari
1573 3019 1634 3060 non
1657 3000 1811 3079 potuisset

621 3137 682 3196 nisi
703 3157 760 3216 ope
782 3139 889 3199 horam
912 3141 1060 3202 codicum.
1082 3141 1141 3202 Sed
1167 3143 1225 3202 etsi
1248 3161 1325 3202 unus
1350 3147 1381 3202 et
1401 3142 1480 3202 alter
1503 3142 1587 3201 locus
1611 3141 1651 3200 sit
1664 3141 1809 3218 adquam

620 3277 688 3356 plns
706 3279 785 3338 lucis
802 3281 1002 3341 desiderabile
1021 3283 1110 3362 foret,
1125 3285 1265 3344 universe
1279 3283 1469 3343 sufficiebant
1483 3282 1603 3343 codices
1617 3283 1670 3357 qui
1685 3287 1809 3361 praesto

622 3423 718 3478 erant.
1568 3391 1571 3398 Ι

674 3559 893 3639 Apographum
917 3562 1031 3621 codicis
1052 3562 1298 3622 Vindobonensis
1315 3561 1428 3622 iecerat
1446 3560 1681 3621 Rittershansen
1701 3566 1733 3620 et
1748 3581 1810 3640 ego

620 3697 754 3758 codicem
778 3705 810 3759 et
832 3701 1040 3779 apographum
1062 3703 1144 3761 inter
1165 3720 1197 3760 se
1221 3702 1418 3762 contuleram.
1440 3701 1557 3762 Deinde
1571 3701 1811 3761 Rittershausen

620 3839 711 3898 etiam
732 3841 862 3900 contulit
882 3841 1018 3901 codicem
1033 3842 1179 3904 Scheferi.
1199 3841 1335 3902 llbldelre
1351 3843 1403 3920 qui
1419 3841 1490 3902 olim
1505 3842 1537 3899 in
1553 3842 1706 3919 proprium
1721 3859 1814 3900 usum

620 3981 820 4060 descripserat
842 3982 977 4042 codicem
998 3983 1263 4043 vindobonensem
1279 3982 1451 4060 exemplum
1466 4001 1553 4040 snum
1568 3981 1643 4040 mihi
1658 3983 1814 4040 commisit

621 4121 702 4180 unde
726 4140 838 4199 paucos
860 4141 977 4182 errores
998 4124 1152 4200 corrigere
1173 4124 1266 4201 potui.
1283 4123 1369 4182 Basis
1383 4123 1525 4182 editionis
1540 4125 1586 4180 est
1600 4121 1813 4199 apographum

621 4262 771 4322 Leidense
799 4264 880 4341 quod
907 4264 1084 4342 plerumque
1113 4266 1225 4325 bonum
1253 4265 1346 4323 habet
1374 4268 1501 4323 textum.
1530 4262 1654 4322 Contuli
1680 4280 1749 4320 cnm
1776 4281 1814 4322 eo

621 4402 718 4479 primo
746 4403 882 4463 codicem
907 4404 1134 4464 Beroliuensem
1164 4407 1216 4482 qui
1240 4403 1367 4463 inferior
1390 4409 1436 4462 est
1460 4403 1605 4479 bonitate,
1630 4401 1683 4460 sed
1708 4405 1815 4462 tamen

619 4562 710 4622 saepe
734 4543 819 4603 utilis
843 4545 911 4604 fuit.
935 4544 1005 4604 Non
1028 4551 1099 4603 sunt
1123 4543 1299 4622 apographa
1322 4543 1456 4620 ejusdem
1480 4542 1602 4618 codicis,
1627 4559 1815 4620 quamquam

620 4685 772 4744 interdum
799 4685 831 4744 in
854 4685 930 4744 uitio
953 4684 1046 4744 etiam
1068 4688 1106 4762 (e.
1122 4703 1151 4761 g.
1174 4703 1201 4762 p.
1224 4679 1301 4760 lasp)
1322 4687 1354 4742 et
1368 4682 1530 4742 omissione
1545 4681 1744 4760 conveniunt,
1759 4682 1816 4742 sed
1887 4709 1889 4717 ¹

621 4830 705 4883 arete
734 4829 768 4884 ut
791 4826 856 4884 dixi
883 4825 1056 4886 cohaerent.
1086 4826 1132 4884 De
1159 4824 1263 4884 oodioe
1287 4823 1448 4894 chirensi
1471 4822 1521 4900 egi
1545 4821 1577 4879 in
1600 4839 1671 4881 ann.
1695 4821 1734 4879 ad
1759 4827 1815 4900 pl

628 4970 741 5024 textus.
765 4965 924 5026 Interdum
947 4967 979 5024 in
1003 4965 1142 5043 margine
1160 4965 1249 5041 hujus
1270 4963 1436 5041 apographi
1451 4962 1577 5021 alterius
1592 4961 1707 5020 codicis
1722 4961 1818 5022 lectio
